<?xml version="1.0" encoding="UTF-8"?><collection xmlns="http://www.loc.gov/MARC21/slim"><record><leader>00375nam--2200145-i-4500</leader><controlfield tag="001">000043238</controlfield><controlfield tag="002">20161230</controlfield><controlfield tag="005">20170103152242</controlfield><controlfield tag="008">060222s1000------------r-----000-0-eng-d</controlfield><datafield ind1=" " ind2=" " tag="100"><subfield code="a">Suss, Kurt</subfield></datafield><datafield ind1=" " ind2=" " tag="245"><subfield code="a">Zur kernmagnetischen relaxation in ionenlosungen</subfield></datafield><datafield ind1=" " ind2=" " tag="260"><subfield code="a">Stuttgart</subfield><subfield code="b">Tecnische Hochschule</subfield><subfield code="c">1963</subfield></datafield><datafield ind1=" " ind2=" " tag="300"><subfield code="a">49 p</subfield></datafield><datafield ind1=" " ind2=" " tag="852"><subfield code="a">9614</subfield></datafield><datafield ind1=" " ind2=" " tag="CAT"><subfield code="a">SYS</subfield><subfield code="c">20170103</subfield><subfield code="h">152242</subfield></datafield></record></collection>